@inproceedings{wright2019real,
  title={Real-time black-box modelling with recurrent neural networks},
  author={Wright, Alec and Damsk{\"a}gg, Eero-Pekka and V{\"a}lim{\"a}ki, Vesa and others},
  booktitle={22nd international conference on digital audio effects (DAFx-19)},
  pages={1--8},
  year={2019}
}

@inproceedings{cho2014learning,
  title={Learning Phrase Representations using RNN Encoder--Decoder for Statistical Machine Translation},
  author={Cho, Kyunghyun and van Merrienboer, Bart and Gulcehre, Caglar and Bahdanau, Dzmitry and Bougares, Fethi and Schwenk, Holger and Bengio, Yoshua},
  booktitle={Proceedings of the 2014 Conference on Empirical Methods in Natural Language Processing (EMNLP)},
  pages={1724},
  year={2014},
  organization={Association for Computational Linguistics},
  eprint={1406.1078}
}
